@book{Artin,
    AUTHOR = {Artin, Emil},
     TITLE = {Galois theory},
   EDITION = {second},
      NOTE = {Edited and with a supplemental chapter by Arthur N. Milgram},
 PUBLISHER = {Dover Publications, Inc., Mineola, NY},
      YEAR = {1998},
     PAGES = {iv+82},
      ISBN = {0-486-62342-4},
   MRCLASS = {12F10 (01A75 11R32)},
  MRNUMBER = {1616156},
}
@book{Morandi,
    AUTHOR = {Morandi, Patrick},
     TITLE = {Field and Galois theory},
    SERIES = {Graduate Texts in Mathematics},
    VOLUME = {167},
 PUBLISHER = {Springer-Verlag, New York},
      YEAR = {1996},
     PAGES = {xvi+281},
      ISBN = {0-387-94753-1},
   MRCLASS = {12-01 (12Fxx)},
  MRNUMBER = {1410264},
MRREVIEWER = {Martin Epkenhans},
       DOI = {10.1007/978-1-4612-4040-2},
}
@book{Lang,
    AUTHOR = {Lang, Serge},
     TITLE = {Algebra},
    SERIES = {Graduate Texts in Mathematics},
    VOLUME = {211},
   EDITION = {third},
 PUBLISHER = {Springer-Verlag, New York},
      YEAR = {2002},
     PAGES = {xvi+914},
      ISBN = {0-387-95385-X},
   MRCLASS = {00A05 (15-02)},
  MRNUMBER = {1878556},
       DOI = {10.1007/978-1-4613-0041-0},
}
@book{Zhang,
    author = {章璞},
    title = {伽罗瓦理论——天才的激情},
    year = {2013},
    publisher = {高等教育出版社}
}
@book{Lvovski,
    AUTHOR = {Lvovski, Serge},
     TITLE = {Principles of complex analysis},
    SERIES = {Moscow Lectures},
    VOLUME = {6},
      NOTE = {Translated from the 2017 Russian original by Natalia
              Tsilevich},
 PUBLISHER = {Springer, Cham},
      YEAR = {2020},
     PAGES = {xiii+257},
      ISBN = {978-3-030-59364-3; 978-3-030-59365-0},
   MRCLASS = {30-01},
  MRNUMBER = {4231082},
MRREVIEWER = {Adam Lecko},
       DOI = {10.1007/978-3-030-59365-0},
}